<record><leader>00000cas a22000007a 4500</leader><controlfield tag="001">2261872</controlfield><controlfield tag="008">760620c19399999pauwr ne      0    0eng d</controlfield><controlfield tag="009">54</controlfield><datafield ind1=" " ind2=" " tag="010"><subfield code="a">sn 85054850 </subfield></datafield><datafield ind1=" " ind2=" " tag="040"><subfield code="a">PIT</subfield><subfield code="b">eng</subfield><subfield code="c">PIT</subfield><subfield code="d">NPH</subfield></datafield><datafield ind1="1" ind2=" " tag="029"><subfield code="a">AU@</subfield><subfield code="b">000025801673</subfield></datafield><datafield ind1=" " ind2=" " tag="042"><subfield code="a">msc</subfield></datafield><datafield ind1="0" ind2=" " tag="130"><subfield code="a">Herald (Sharpsburg, Pa.)</subfield></datafield><datafield ind1="0" ind2="4" tag="245"><subfield code="a">The herald.</subfield></datafield><datafield ind1=" " ind2=" " tag="260"><subfield code="a">Sharpsburg, Pa. :</subfield><subfield code="b">Herald Print. Co., Inc.,</subfield><subfield code="c">1939-</subfield></datafield><datafield ind1=" " ind2=" " tag="300"><subfield code="a">v. :</subfield><subfield code="b">ill. ;</subfield><subfield code="c">58 cm.</subfield></datafield><datafield ind1=" " ind2=" " tag="310"><subfield code="a">Weekly</subfield></datafield><datafield ind1="0" ind2=" " tag="362"><subfield code="a">62nd yr., no. 1 (Dec. 28, 1939)-</subfield></datafield><datafield ind1=" " ind2=" " tag="500"><subfield code="a">"The Northeast suburban paper for Aspinwall, Blawnox, Etna, Fox Chapel and Sharpsburg Boroughs; the townships of Hampton, Indiana, O'Hara and Shaler."</subfield></datafield><datafield ind1=" " ind2=" " tag="752"><subfield code="a">United States</subfield><subfield code="b">Pennsylvania</subfield><subfield code="c">Allegheny</subfield><subfield code="d">Sharpsburg.</subfield></datafield><datafield ind1="0" ind2="0" tag="780"><subfield code="a">Sharpsburg and Etna herald</subfield><subfield code="w">(DLC)sn 85054910</subfield></datafield></record>